@unpublished{resolution1747,
	author = {United Nations Security Council},
    title = {S/RES/1747},
    year = 2007,
    url = {https://www.iaea.org/sites/default/files/unsc_res1747-2007.pdf},
    annote = {UNSC Resolution 1747},
}

@unpublished{resolution1737,
	author = {United Nations Security Council},
    title = {S/RES/1737},
    year = 2006,
    url = {https://www.iaea.org/sites/default/files/unsc_res1737-2006.pdf},
    annote = {UNSC Resolution 1737},
}

@unpublished{resolution1696,
	author = {United Nations Security Council},
    title = {S/RES/1596},
    year = 2006,
    url = {https://www.iaea.org/sites/default/files/unsc_res1696-2006.pdf},
    annote = {UNSC Resolution 1696},
}

@unpublished{implementationOfNPTSafeguards,
	author = {IAEA Board of Governors},
    title = {Implementation of the NPT Safeguards
Agreement in the Islamic Republic of Iran},
    year = 2004,
    url = {http://www.iranwatch.org/sites/default/files/iaea-iranreport-022404.pdf},
    annote = {Implementation of the NPT Safeguards Agreement in the Islamic Republic of Iran},
}

@unpublished{unitedNationsResolutions,
	author = {Jason Starr},
    title = {Iran | The U.N. Resolutions},
    year = 2015,
    url = {http://iranprimer.usip.org/resource/un-resolutions},
    annote = {Comprehensive List of United Nations Resolutions Pertaining to Iran's Nuclear Program},
}


@unpublished{hasIranAchievedaNuclearWeapon,
	author = {David Albright, Jacqueline Shire, Paul Brannan},
    title = {Has Iran Achieved a Nuclear Weapons Breakout Capability? Not Yet, But Soon.},
    year = 2008,
    url = {http://isis-online.org/uploads/isis-reports/documents/LEU_Iran_2December2008.pdf},
    annote = {Institute for Science and International Security report on Iran's nearing nuclear weapons capabilities},
}

@unpublished{didStuxnetTakeOut1000Centrifuges,
	author = {David Albright, Paul Brannon, Christina Walrond},
    title = {Did Stuxnet Take Out 1,000 Centrifuges at the Natanz Enrichment Plant? Preliminary Assessment},
    year = 2010,
    url = {http://isis-online.org/isis-reports/detail/did-stuxnet-take-out-1000-centrifuges-at-the-natanz-enrichment-plant/
},
    annote = {Did Stuxnet Take Out 1,000 Centrifuges at the Natanz Enrichment Plant? Preliminary Assessment},
}

@unpublished{theRealStoryOfStuxnet,
	author = {David Kushner},
    title = {The Real Story of Stuxnet - How Kaspersky Lab tracked down the malware that stymied Iran's nuclear-fuel enrichment program},
    year = 2013,
    url = {https://arstechnica.com/information-technology/2015/06/stuxnet-spawn-infected-kaspersky-using-stolen-foxconn-digital-certificates/},
    annote = {The Real Story of Stuxnet},
}

@unpublished{w32.stuxnetDossier,
	author = {Nicolas Falliere, Liam O Murchu, Erin Chien},
    title = {W32.Stuxnet Dossier},
    year = 2011,
    url = {https://scadahacker.com/library/Documents/Cyber_Events/Symantec%20-%20Stuxnet%20Dossier%20v1.4.pdf},
    annote = {Symantec Security Response - W32.Stuxnet Dossier},
}

@unpublished{lessonsFromStuxnet,
	author = {Thomas M. Chen, Saeed Abu-Nimeh},
    title = {Lessons from Stuxnet},
    year = 2011,
    url = {http://ieeexplore.ieee.org/document/5742014/},
    annote = {IEEE - Lessons from Stuxnet},
}

@unpublished{industrialCyberVulnerabilities,
	author = {Lawrence J. Trautman, Peter C. Ormerod},
    title = {INDUSTRIAL CYBER VULNERABILITIES: LESSONS FROM STUXNET AND
THE INTERNET OF THINGS},
    year = 2017,
    url = {https://poseidon01.ssrn.com/},
    annote = {President Obama's PPD-21 seeks to take proactive steps to increase the security and resilience of United States critical infrastructure},
}

@unpublished{microsoftCoinsStuxnet,
	author = {Microsoft},
    title = {Win32/Stuxnet},
    year = 2010,
    url = {https://www.microsoft.com/en-us/wdsi/threats/malware-encyclopedia-description?Name=Win32%2FStuxnet},
    annote = {Microsoft Coins Stuxnet Name},
}

@unpublished{equifaxHack,
	author = {Douglas C. Schmidt, Jules White},
    title = {Why don't big companies keep their computer systems up-to-date?},
    year = 2017,
    url = {https://theconversation.com/why-dont-big-companies-keep-their-computer-systems-up-to-date-84250},
    annote = {Comprehensive look at the Equifax hack},
}

@unpublished{iransResponseToStuxnet,
	author = {Reuters Staff},
    title = {Iran's cyber foes cause problems for centrifuges},
    year = 2010,
    url = {http://www.reuters.com/article/iran-ahmadinejad-computers/irans-cyber-foes-cause-problems-for-centrifuges-idUSLDE6AS1J120101129},
    annote = {Iran responds to nuclear enrichment facility losses considered to be a result of the Stuxnet virus},
}

@unpublished{iranRussiaNuclearCooperation,
	author = {Russia Today},
    title = {Russia starts Phase 2 construction at Iranâ€™s Bushehr nuclear power plant},
    year = 2016,
    url = {https://www.rt.com/news/358887-russia-iran-bushehr-plant/},
    annote = {Discusses the continuing of Russia-Iran discussions to build nuclear reactors fit with desalination capabilities},
}

@unpublished{uraniumEnrichmentDetails,
	author = {World Nuclear Association},
    title = {Uranium Enrichment},
    year = 2017,
    url = {http://www.world-nuclear.org/information-library/nuclear-fuel-cycle/conversion-enrichment-and-fabrication/uranium-enrichment.aspx},
    annote = {Details the precess of uranium enrichment for civilian and military purposes},
}

@unpublished{breakoutDefinition,
	author = {Emily hauser},
    title = {"Breakout" - What it is, and What You Need to know},
    year = 2014,
    url = {https://www.ploughshares.org/issues-analysis/article/%E2%80%9Cbreakout%E2%80%9D-%E2%80%93-what-it-and-what-you-need-know},
    annote = {Nuclear breakout definition},
}

@unpublished{usOptionsForIran,
	author = {Ross Colvin},
	title = {U.S. says all options on table to deal with Iran},
    year = 2009,
    url= {http://www.reuters.com/article/us-obama-iran-sb/u-s-says-all-options-on-table-to-deal-with-iran-idUSTRE50S6LZ20090130},
    annote = {U.S. policy towards Iran's uranium enrichment program},
}

@article{lookIntoIranianNuclearProgram,
author = {Ivanka Barzashka},
title = {Are Cyber-Weapons Effective?},
journal = {The RUSI Journal},
volume = {158},
number = {2},
pages = {48-56},
year  = {2013},
publisher = {Routledge},
doi = {10.1080/03071847.2013.787735},
annote = {Comprehensive discussion of Iranian Nuclear Program and International Involvement},
URL = {http://dx.doi.org/10.1080/03071847.2013.787735},
eprint = {http://dx.doi.org/10.1080/03071847.2013.787735},
}

@unpublished{softwareEngineeringCodeOfEthics,
	author = {Association for Computing Machinery},
	title = {Software Engineering Code of Ethics and Professional Practice},
    year = 1999,
    url= {http://www.acm.org/about/se-code},
    annote = {Association for Computing Machinery's Software Engineering Code of Ethics and Professional Practice},
}

@unpublished{softwareDefinition,
	author = {Vocabulary.com},
	title = {Software System Definition},
    year = 2017,
    url= {https://www.vocabulary.com/dictionary/software},
    annote = {Definition of software},
}

@unpublished{dataDefinition,
	author = {Google Dictionary},
	title = {Data Definition},
    year = 2017,
    url= {http://googledictionary.freecollocation.com/meaning?word=data},
    annote = {Definition of data},
}

@unpublished{merriamWebsterDefinitions,
	author = {Merriam-Webster},
	title = {Marriam-Webster Dictionary Since 1828},
    year = 2017,
    url= {https://www.merriam-webster.com/dictionary/*},
    annote = {Definitions: accurate, accept, certifying, ethical, illegal, lawful, responsibility, system, and work},
}

@unpublished{illegalDefinition,
	author = {Merriam-Webster Dictionary},
	title = {Illegal Definition},
    year = 2017,
    url= {https://www.merriam-webster.com/dictionary/illegal},
    annote = {Definition of illegal},
}

@unpublished{lawfulDefinition,
	author = {Merriam-Webster Dictionary},
	title = {Lawful Definition},
    year = 2017,
    url= {https://www.merriam-webster.com/dictionary/lawful},
    annote = {Definition of lawful},
}

@unpublished{accurateDefinition,
	author = {Merriam-Webster Dictionary},
	title = {Accurate Definition},
    year = 2017,
    url= {https://www.merriam-webster.com/dictionary/accurate},
    annote = {Definition of accurate},
}

@unpublished{acceptDefinition,
	author = {Merriam-Webster Dictionary},
	title = {Accept Definition},
    year = 2017,
    url= {https://www.merriam-webster.com/dictionary/accept},
    annote = {Definition of accept},
}

@unpublished{responsibilityDefinition,
	author = {Merriam-Webster Dictionary},
	title = {Responsibility Definition},
    year = 2017,
    url= {https://www.merriam-webster.com/dictionary/responsibility},
    annote = {Definition of responsibility},
}

@unpublished{workDefinition,
	author = {Merriam-Webster Dictionary},
	title = {Work Definition},
    year = 2017,
    url= {https://www.merriam-webster.com/dictionary/work},
    annote = {Definition of work},
}

@unpublished{ethicalDefinition,
	author = {Merriam-Webster Dictionary},
	title = {Ethical Definition},
    year = 2017,
    url= {https://www.merriam-webster.com/dictionary/ethical},
    annote = {Definition of ethical},
}

@unpublished{certifyingDefinition,
	author = {Merriam-Webster Dictionary},
	title = {Certifying Definition},
    year = 2017,
    url= {https://www.merriam-webster.com/dictionary/certifying},
    annote = {Definition of certifying},
}

@unpublished{cambridgeDictionary,
	author = {Cambridge University Press},
	title = {Cambridge English Dictionary},
    year = 2017,
    url= {https://dictionary.cambridge.org/us/dictionary/english/*},
    annote = {Definitions: direct, participation},
}

@unpublished{participationDefinition,
	author = {Cambridge Dictionary},
	title = {Participation Definition},
    year = 2017,
    url= {https://dictionary.cambridge.org/us/dictionary/english/participation},
    annote = {Definition of participation},
}

@unpublished{directDefinition,
	author = {Cambridge Dictionary},
	title = {Direct Definition},
    year = 2017,
    url= {https://dictionary.cambridge.org/us/dictionary/english/direct},
    annote = {Definition of direct},
}

@unpublished{designDefinition,
	author = {Oxford Dictionary},
	title = {Design Definition},
    year = 2017,
    url= {https://en.oxforddictionaries.com/definition/design},
    annote = {Definition of design},
}

@unpublished{digitalCertificateDefintion,
	author = {Microsoft},
	title = {Introduction to Code Signing},
    year = 2017,
    url= {https://msdn.microsoft.com/en-us/library/ms537361(v=vs.85).aspx},
    annote = {Definition of Digital Certification},
}

@unpublished{internationalSovereigntyDefinition,
	author = {United Nation's General Assembly},
	title = {A/RES/50/172},
    year = 1996,
    url= {http://www.un.org/documents/ga/res/50/ares50-172.htm},
    annote = {United Nation's General Assembly Resolution on International Sovereignty},
}

@unpublished{signedUsingCertificates,
	author = {Lucian Constantin},
	title = {New Stuxnet Related Malware Signed Using Certificate from JMicron},
    year = 2010,
    url= {http://news.softpedia.com/news/New-Stuxnet-Related-Malware-Signed-Using-Certificate-from-JMicron-148213.shtml},
    annote = {Stuxnet was digitally signed with certificates stolen from Realtek Semiconductor Corp and JMicron Technology Corp},
}

@unpublished{NSAandUnit8200,
	author = {Andrew Leedom},
	title = {Risk and Uncertainty in the First Salvo of Global Cyber Warfare},
    year = 2016,
    url= {http://www.saisjournal.org/posts/stuxnet},
    annote = {Agencies involved in Stuxnet's development - NSA and Unit 8200},
}

@unpublished{USEspionageLegalDefinition,
	author = {United States Government},
	title = {18 USC Ch. 37: ESPIONAGE AND CENSORSHIP},
    year = 1951,
    url= {http://uscode.house.gov/view.xhtml?path=/prelim@title18/part1/chapter37&edition=prelim},
    annote = {United States Legal Definition of Espionage},
}

@unpublished{stuxnetFireandForget,
	author = {Andrew C. Foltz},
	title = {Stuxnet, Schmitt Analysis, and the Cyber "Use-of-Force" Debate},
    year = 2012,
    url= {http://ndupress.ndu.edu/Portals/68/Documents/jfq/jfq-67/JFQ-67_40-48_Foltz.pdf},
    annote = {Stuxnet described as "fire-and-forget" precision weapon},
}

@unpublished{NationalSecurityAgencyAndUnit8200,
	author = {David E. Sanger},
	title = {Obama Order Sped Up Wave of Cyberattacks Against Iran},
    year = 2012,
    url= {http://www.nytimes.com/2012/06/01/world/middleeast/obama-ordered-wave-of-cyberattacks-against-iran.html?pagewanted=all},
    annote = {N.S.A. and Unit 8200 involvement in Stuxnet},
}

@unpublished{sevenIraniansIndicted,
	author = {The United State's Department of Justice},
	title = {Seven Iranians Working for Islamic Revolutionary Guard Corps-Affiliated Entities Charged for Conducting Coordinated Campaign of Cyber Attacks Against U.S. Financial Sector - One Defendant Also Charged with Obtaining Unauthorized Access into Control Systems of a New York Dam},
    year = 2016,
    url= {https://www.justice.gov/opa/pr/seven-iranians-working-islamic-revolutionary-guard-corps-affiliated-entities-charged},
    annote = {Iranian hacker charged with obtaining unauthorized access into SCADA control systems at the Bowman Dam in Rye, New York},
}
